<collection xmlns="http://www.loc.gov/MARC21/slim">
<record>
  <leader>00553na 0a22001451i 450 </leader>
  <controlfield tag="001">IT\ICCU\CNCE\070141</controlfield>
  <controlfield tag="005">20070402000000.0</controlfield>
  <datafield tag="100" ind1=" " ind2=" ">
    <subfield code="a">20070402             0itac0103    ba</subfield>
  </datafield>
  <datafield tag="101" ind1=" " ind2=" ">
    <subfield code="a">LAT</subfield>
  </datafield>
  <datafield tag="200" ind1="1" ind2=" ">
    <subfield code="a">Syluae allegoriarum totius sacrae scripturae, in indicem redactae</subfield>
  </datafield>
  <datafield tag="700" ind1=" " ind2="1">
    <subfield code="a">Lloret,</subfield>
    <subfield code="b">Jern̤imo</subfield>
    <subfield code="3">IT\ICCU\CNCA\013318</subfield>
  </datafield>
  <datafield tag="790" ind1=" " ind2="1">
    <subfield code="a">Lauretus,</subfield>
    <subfield code="b">Hieronymus</subfield>
    <subfield code="3">IT\ICCU\CNCA\015963</subfield>
    <subfield code="z">Lloret, Jern̤imo</subfield>
  </datafield>
  <datafield tag="790" ind1=" " ind2="1">
    <subfield code="a">Lloret,</subfield>
    <subfield code="b">Jeroni</subfield>
    <subfield code="3">IT\ICCU\CNCA\025933</subfield>
    <subfield code="z">Lloret, Jern̤imo</subfield>
  </datafield>
  <datafield tag="790" ind1=" " ind2="1">
    <subfield code="a">Lorete,</subfield>
    <subfield code="b">Geronymo</subfield>
    <subfield code="3">IT\ICCU\CNCA\026261</subfield>
    <subfield code="z">Lloret, Jern̤imo</subfield>
  </datafield>
  <datafield tag="801" ind1=" " ind2="3">
    <subfield code="a">IT</subfield>
    <subfield code="b">ICCU</subfield>
    <subfield code="c">20201115</subfield>
  </datafield>
</record>
</collection>
